@ARTICLE{Pami-11,
author={Breitenstein, M.D. and Reichlin, F. and Leibe, B. and Koller-Meier, E. and Van Gool, L.},
journal={Pattern Analysis and Machine Intelligence, IEEE Transactions on},
title={Online Multiperson Tracking-by-Detection from a Single, Uncalibrated Camera},
year={2011},
month={Sept},
volume={33},
number={9},
pages={1820-1833},
keywords={hidden feature removal;image classification;image motion analysis;object detection;object tracking;particle filtering (numerical methods);traffic engineering computing;video cameras;complex scenes;continuous confidence;generic object category knowledge;graded observation model;high-confidence detection;instance specific information;monocular uncalibrated camera;occlusion;online multiperson tracking by detection;online trained instance specific classifier;particle filtering;pedestrian detectors;Cameras;Detectors;Gaussian distribution;Heuristic algorithms;Motion analysis;Object detection;Target tracking;Multi-object tracking;detector confidence;detector confidence particle filter;online learning;particle filtering;pedestrian detection;sequential Monte Carlo estimation;sports analysis;surveillance;tracking-by-detection;traffic safety.},
doi={10.1109/TPAMI.2010.232},
ISSN={0162-8828},}

@inproceedings{POM-main,
author = {Jérôme Berclaz and François Fleuret and Pascal Fua},
title = {{Principled Detection-by-Classification From Multiple Views}},
booktitle = {Computer Vision Theory and Applications},
year = {2008},
pages = {375--382},
masid = {4328540}
}

@INPROCEEDINGS{MIL-obj1,
author={Babenko, B. and Ming-Hsuan Yang and Belongie, S.},
booktitle={Computer Vision and Pattern Recognition, 2009. CVPR 2009. IEEE Conference on},
title={Visual tracking with online Multiple Instance Learning},
year={2009},
month={June},
pages={983-990},
keywords={image classification;learning (artificial intelligence);object detection;adaptive appearance model;discriminative classifier;labeled training;object tracking;online MIL algorithm;online multiple instance learning;supervised learning;tracking by detection;visual tracking;Degradation;Robustness;Supervised learning},
doi={10.1109/CVPR.2009.5206737},
ISSN={1063-6919},}

@INPROCEEDINGS{ObjDet-1,
author={Papageorgiou, C.P. and Oren, M. and Poggio, T.},
booktitle={Computer Vision, 1998. Sixth International Conference on},
title={A general framework for object detection},
year={1998},
month={Jan},
pages={555-562},
keywords={learning (artificial intelligence);object detection;object recognition;cluttered scenes;object detection;static images;trainable framework;unconstrained environments;wavelet representation;Detection algorithms;Dictionaries;Face detection;Layout;Machine learning;Object detection;Statistical analysis;Support vector machine classification;Support vector machines;Wavelet analysis},
doi={10.1109/ICCV.1998.710772},}

@INPROCEEDINGS{bk1,
author={Stauffer, Chris and Grimson, W.E.L.},
booktitle={Computer Vision and Pattern Recognition, 1999. IEEE Computer Society Conference on.},
title={Adaptive background mixture models for real-time tracking},
year={1999},
month={},
volume={2},
pages={-252 Vol. 2},
keywords={image segmentation;image sequences;real-time systems;tracking;adaptive background mixture models;background subtraction;image sequences;real-time segmentation;real-time tracking;thresholding;Adaptive systems;Artificial intelligence;Gaussian distribution;Image segmentation;Image sequences;Laboratories;Layout;Robustness;Tracking;Vehicle detection},
doi={10.1109/CVPR.1999.784637},
ISSN={1063-6919},}

@INPROCEEDINGS{dalaltriggs,
author={Dalal, N. and Triggs, B.},
booktitle={Computer Vision and Pattern Recognition, 2005. CVPR 2005. IEEE Computer Society Conference on},
title={Histograms of oriented gradients for human detection},
year={2005},
month={June},
volume={1},
pages={886-893 vol. 1},
keywords={feature extraction;gradient methods;object detection;object recognition;support vector machines;coarse spatial binning;contrast normalization;edge based descriptors;fine orientation binning;fine-scale gradients;gradient based descriptors;histograms of oriented gradients;human detection;linear SVM;overlapping descriptor;pedestrian database;robust visual object recognition;High performance computing;Histograms;Humans;Image databases;Image edge detection;Object detection;Object recognition;Robustness;Support vector machines;Testing},
doi={10.1109/CVPR.2005.177},
ISSN={1063-6919},}

@article{DPM,
  title = "Object Detection with Discriminatively Trained Part Based Models",
  author = "Felzenszwalb, P. F. and Girshick, R. B. and McAllester, D. and Ramanan, D.",
  journal = "IEEE Transactions on Pattern Analysis and Machine Intelligence",
  year = "2010", volume = "32", number = "9", pages = "1627--1645"}

@InProceedings{Spaan09,
  author =       {Matthijs T. J. Spaan and Pedro U. Lima},
  title =        {A Decision-theoretic Approach to Dynamic Sensor
                  Selection in Camera Networks},
  booktitle =    {Int.\ Conf.\ on Automated Planning and Scheduling},
  year =         2009,
  pages =        {279--304}
}

@article{krause2012near,
  title={Near-optimal nonmyopic value of information in graphical models},
  author={Krause, Andreas and Guestrin, Carlos E},
  journal={arXiv preprint arXiv:1207.1394},
  year={2012}
}

@ARTICLE{Kaelbling98,
    author = {Leslie Pack Kaelbling and Michael L. Littman and Anthony R. Cassandra},
    title = {Planning and acting in partially observable stochastic domains},
    journal = {ARTIFICIAL INTELLIGENCE},
    year = {1998},
    volume = {101},
    pages = {99--134}
}

@incollection{khan2004mcmc,
  title={An MCMC-based particle filter for tracking multiple interacting targets},
  author={Khan, Zia and Balch, Tucker and Dellaert, Frank},
  booktitle={Computer Vision-ECCV 2004},
  pages={279--290},
  year={2004},
  publisher={Springer}
}

@inproceedings{bocquel2012multitarget,
  title={Multitarget tracking with interacting population-based MCMC-PF},
  author={Bocquel, M{\'e}lanie and Driessen, Hans and Bagchi, Arunabha},
  booktitle={Information Fusion (FUSION), 2012 15th International Conference on},
  pages={74--81},
  year={2012},
  organization={IEEE}
}

@INPROCEEDINGS{Parts_tracking1,
author={Guang Shu and Dehghan, A. and Oreifej, O. and Hand, E. and Shah, M.},
booktitle={Computer Vision and Pattern Recognition (CVPR), 2012 IEEE Conference on},
title={Part-based multiple-person tracking with partial occlusion handling},
year={2012},
month={June},
pages={1815-1821},
keywords={computer graphics;object detection;probability;support vector machines;target tracking;detection probability;human detection;part-based multiple-person tracking;part-based person-specific SVM classifiers;part-based tracking-by-detection framework;partial occlusion handling;partial occlusions;single camera-based multiple-person tracking;Detectors;Feature extraction;Humans;Support vector machines;Target tracking;Trajectory;Vectors},
doi={10.1109/CVPR.2012.6247879},
ISSN={1063-6919},}

@ARTICLE{bk2-bayesian,
author={Tao Zhao and Nevatia, R. and Bo Wu},
journal={Pattern Analysis and Machine Intelligence, IEEE Transactions on},
title={Segmentation and Tracking of Multiple Humans in Crowded Environments},
year={2008},
month={July},
volume={30},
number={7},
pages={1198-1211},
keywords={Bayes methods;Markov processes;Monte Carlo methods;hidden feature removal;image sampling;image segmentation;inference mechanisms;maximum likelihood estimation;object detection;probability;tracking;traffic engineering computing;3D human shape model;Bayesian MAP estimation problem;camera model;crowded environment;data-driven Markov chain Monte Carlo;foreground/background separation;human detection;human shape;image cues;image observation;joint image likelihood;multiple human segmentation;multiple human tracking;multiple partially occluded human hypotheses;occlusion reasoning;proposal probability;sampling method;Markov chain Monte Carlo;Multiple Human Segmentation;Multiple Human Tracking;Algorithms;Artificial Intelligence;Biometry;Environment;Humans;Image Enhancement;Image Interpretation, Computer-Assisted;Imaging, Three-Dimensional;Movement;Pattern Recognition, Automated;Reproducibility of Results;Sensitivity and Specificity;Subtraction Technique},
doi={10.1109/TPAMI.2007.70770},
ISSN={0162-8828},}

@inproceedings {doubleperson,
	title = {Detection and Tracking of Occluded People},
	booktitle = {British Machine Vision Conference (BMVC)},
	year = {2012},
	note = {BMVC Best Paper Award},
	month = {September},
	attachments = {https://www.d2.mpi-inf.mpg.de/sites/default/files/tang2012bmvc.pdf},
	author = {Siyu Tang and Mykhaylo Andriluka and Schiele, Bernt}
}

@inproceedings{partsDeva,
 author = {Yi Yang and Ramanan, D.},
 title = {Articulated Pose Estimation with Flexible Mixtures-of-parts},
 booktitle = {Proceedings of the 2011 IEEE Conference on Computer Vision and Pattern Recognition},
 series = {CVPR '11},
 year = {2011},
 isbn = {978-1-4577-0394-2},
 pages = {1385--1392},
 numpages = {8},
 url = {http://dx.doi.org/10.1109/CVPR.2011.5995741},
 doi = {10.1109/CVPR.2011.5995741},
 acmid = {2192012},
 publisher = {IEEE Computer Society},
 address = {Washington, DC, USA},
 keywords = {dynamic programming, flexible mixture of parts, human pose estimation, static images, articulated limb parts, flexible mixture model, contextual co-occurrence relation, standard spring models, spatial relations, tree structure},
} 
  
@article{englebienne2010fast,
  title={Fast bayesian people detection},
  author={Englebienne, Gwenn and Kr{\"o}se, Ben JA},
  journal={Proceedings of the 22nd Benelux AI Conference, BNAIC},
  year={2010}
}